% references.bib
% 目前暂无文献条目
